@misc{0,
 author = {The Ethical Skeptic},
 note = {https://theethicalskeptic.com/},
}

@misc{1,
 author = {The Ethical Skeptic},
 title = {Master Exothermic Core-Mantle Decoupling – Dzhanibekov Oscillation (ECDO) Theory},
 note = {https://theethicalskeptic.com/2024/05/23/master-exothermic-core-mantle-decoupling-dzhanibekov-oscillation-theory/},
 year = 2024 
}

@misc{2,
 author = {Junho},
 title = {ECDO Github Research Repository},
 note = {https://github.com/sovrynn/ecdo},
 year = 2024 
}

@misc{3,
 author = {TalkOrigins},
 title = {Flood Stories from Around the World},
 note = {https://talkorigins.org/faqs/flood-myths.html},
 year = 2002
}

@book{4,
  author = {Frank Waters},
  title = {Book of The Hopi},
  publisher = {Penguin Books},
  year = {1963},
}

@book{5,
  author = {Immanuel Velikovsky},
  title = {Worlds in Collision},
  publisher = {Dell Publishing Co., Inc.},
  year = {1950},
}

@article{6,
author = {Liu, Haiyan},
year = {2018},
month = {05},
pages = {},
title = {The Culture Hero in China: Yu the Great},
volume = {3},
journal = {Global Journal of Archaeology & Anthropology},
doi = {10.19080/GJAA.2018.03.555624}
}

@article{7,
author = {Din, Jalalud and Su, Hongsheng and Jing, Liu},
year = {2024},
month = {01},
pages = {10-12},
title = {The role of the three sovereigns and five emperors in shaping Chinese civilization}
}

@misc{8,
 author = {Wikibooks},
 title = {Chinese Stories/Nüwa},
 note = {https://en.wikibooks.org/wiki/Chinese_Stories/N%C3%BCwa},
}

@inbook{9,
author = {Spedicato, Emilio},
year = {2009},
month = {01},
pages = {369-374},
title = {Homer and Orosius: A Key to Explain Deucalion's Flood, Exodus and Other Tales},
isbn = {978-1-4020-8783-7},
doi = {10.1007/978-1-4020-8784-4_28}
}

@inbook{10,
author = {Koutsoyiannis, Demetris and Mamassis, N. and Efstratiadis, Andreas and Zarkadoulas, Nikos and Markonis, Yannis},
year = {2012},
month = {08},
pages = {238–256},
title = {Floods in Greece},
isbn = {9780203098097},
journal = {IAHS-AISH Publication},
doi = {10.1201/b12348-15}
}

@article{11,
author = {Ankita Chand},
year = {2023},
month = {04},
title = {Great flood stories: Inter-religion similarities},
journal = {International Journal of History},
}

@misc{12,
 author = {Nicolette Maestri},
 title = {Chalchiuhtlicue - Aztec Goddess of Lakes, Streams, and Oceans},
 year = 2023,
 note = {thoughtco.com/chalchiuhtlicue-goddess-170327},
}

@inbook{13,
author = {George, Andrew},
year = {2018},
month = {12},
pages = {7-16},
title = {The Epic of Gilgamesh},
isbn = {9781942401223},
journal = {Primary Sources on Monsters},
doi = {10.1515/9781942401223-003}
}

@book{14,
  author = {D.S. Allan and J.B. Delair},
  title = {Cataclysm! : compelling evidence of a cosmic catastrophe in 9500 B.C.},
  publisher = {Santa Fe, N.M. : Bear & Co.},
  year = {1997},
}

@unknown{15,
author = {Lehner, Bernhard and Anand, Mira and Fluet-Chouinard, Etienne and Tan, Florence and Aires, Filipe and Allen, George and Bousquet, Pilippe and Canadell, Josep and Davidson, Nick and Finlayson, Max and Gumbricht, Thomas and Hilarides, Lammert and Hugelius, Gustaf and Jackson, Robert and Korver, Maartje and McIntyre, Peter and Nagy, Szabolcs and Olefeldt, David and Pavelsky, Tamlin and Thieme, Michele},
year = {2024},
month = {07},
pages = {},
title = {Mapping the world’s inland surface waters: an update to the Global Lakes and Wetlands Database (GLWD v2)},
doi = {10.5194/essd-2024-204}
}

@misc{16,
 author = {Wikipedia},
 title = {Salt mining},
 year = 2024,
 note = {https://en.wikipedia.org/wiki/Salt_mining},
}

@misc{17,
 author = {J Holland},
 title = {Mystery of the Mammoth and the Buttercups},
 year = 1976,
 note = {https://www.gi.alaska.edu/alaska-science-forum/mystery-mammoth-and-buttercups},
}

@misc{18,
 author = {Peter Kolosimo},
 title = {Timeless Earth},
 year = 1968,
 note = {https://archive.org/details/timelessearth_201908},
}

@misc{19,
 author = {Chan Thomas},
 title = {The Adam and Eve Story},
 year = 1963,
}

@misc{20,
 author = {Craig Stone},
 title = {Nobulart},
 year = 2025,
 note = {https://nobulart.com/}
}

@article{21,
author = {Whitmore, John},
year = {2019},
title = {Lithostratigraphic Correlation of the Coconino Sandstone and a Global Survey of Permian “Eolian” Sandstones: Implications for Flood Geology},
journal = {Answers Research Journal},
volume = {12},
pages = {275-328},
url = {https://answersresearchjournal.org/coconino-permian-sandstones/}
}

@misc{22,
 author = {Laura DeGrey-Ellis and Paul Link},
 title = {Palouse and glacial Lake Missoula},
 note = {https://www.isu.edu/digitalgeologyidaho/palouse-lake-missoula/}
}

@article{23,
  author    = {Górska-Zabielska, Małgorzata and Witkowska, Katarzyna and Pisarska, Magdalena and others},
  title     = {The Selected Erratic Boulders in the Świętokrzyskie Province (Central Poland) and Their Potential to Promote Geotourism},
  journal   = {Geoheritage},
  volume    = {12},
  number    = {30},
  year      = {2020},
  doi       = {10.1007/s12371-020-00453-8},
  url       = {https://doi.org/10.1007/s12371-020-00453-8},
  received  = {2019-02-27},
  accepted  = {2020-02-05},
  published = {2020-02-22}
}

@misc{24,
 author = {The Editors of Encyclopedia Britannica},
 title = {Pyramids of Giza},
 year=2025,
 note = {https://www.britannica.com/topic/Pyramids-of-Giza}
}

@misc{25,
 author = {Wikipedia},
 title = {Pyramid of Khafre},
 note = {https://en.wikipedia.org/wiki/Pyramid_of_Khafre}
}

@misc{26,
 author = {Wikipedia},
 title = {Glacial erratic},
 note = {https://en.wikipedia.org/wiki/Glacial_erratic}
}

@misc{27,
 author = {The Ethical Skeptic},
 title = {Hidden in Plain Sight},
 year=2024,
 note = {https://theethicalskeptic.com/2023/12/18/hidden-in-plain-sight/}
}

@misc{28,
 author = {The Ethical Skeptic},
 title = {Exothermic Core-Mantle Decoupling – Dzhanibekov Oscillation (ECDO) Hypothesis},
 year=2024,
 note = {https://theethicalskeptic.com/2024/05/12/exothermic-core-mantle-decoupling-dzhanibekov-oscillation-ecdo-hypothesis/}
}

@misc{29,
 author = {Wikipedia},
 title = {Great Pyramid of Giza},
 note = {https://en.wikipedia.org/wiki/Great_Pyramid_of_Giza#Interior}
}

@misc{30,
 author = {Dr. Amy Calvert},
 title = {Pyramid of Khufu},
 note = {https://smarthistory.org/pyramid-of-khufu/}
}

@article{31,
author = {Wang, Zirui},
year = {2023},
month = {04},
pages = {279-284},
title = {A Critical Analysis of the Role of Herodotus's Histories in Representing the Conflicts between the Persian Empire and the Greek States},
volume = {12},
journal = {Journal of Education, Humanities and Social Sciences},
doi = {10.54097/ehss.v12i.7652}
}

@book{32,
  author    = {Herodotus},
  translator = {G. C. Macaulay},
  title     = {An Account of Egypt},
  year      = {2006},
  publisher = {Project Gutenberg},
  note      = {EBook \#2131, Release Date: February 25, 2006, Last Updated: January 25, 2013},
  url       = {https://www.gutenberg.org/ebooks/2131}
}

@article{33,
author = {Millard, Alan},
year = {2001},
month = {04},
pages = {55 - 57},
title = {Sennacherib's Campaign to Judah. New Studies. (Studies in the History and Culture of the Ancient Near East XVIII). By William R. Gallagher. pp. xvii, 313, 9 figs. Leiden, Brill, 1999.},
volume = {11},
journal = {Journal of the Royal Asiatic Society of Great Britain & Ireland},
doi = {10.1017/S1356186301240152}
}

@misc{34,
 author = {Junho},
 title = {Egypt Cataclysm Chronology},
 year=2025,
 note = {https://github.com/sovrynn/ecdo/tree/master/1-EVIDENCE/cataclysm-chronology/middle-east/egypt}
}

@article{35,
  author = {Carlo Laj and Catherine Kissel and Andrew P. Roberts},
  title = {Geomagnetic field behavior during the Iceland Basin and Laschamp geomagnetic excursions: A simple transitional field geometry?},
  journal = {Geochemistry, Geophysics, Geosystems},
  volume = {7},
  number = {3},
  year = {2006},
  month = {March},
  doi = {10.1029/2005GC001122},
  url = {https://doi.org/10.1029/2005GC001122}
}

@article{36,
  author = {F. A. Vening Meinesz},
  title = {Shear patterns of the Earth's crust},
  journal = {Transactions, American Geophysical Union},
  volume = {28},
  number = {1},
  year = {1947},
  month = {February},
  doi = {10.1029/TR028i001p00001},
  url = {https://doi.org/10.1029/TR028i001p00001}
}

@article{37,
  author    = {L. Van Damme and P. Mardesic and D. Sugny},
  title     = {The tennis racket effect in a three-dimensional rigid body},
  journal   = {arXiv preprint},
  archivePrefix = {arXiv},
  eprint    = {1606.08237},
  primaryClass = {physics.class-ph},
  year      = {2016},
  month     = {June},
  version   = {1}
}

@article{38,
author = {Mcnamara, A.},
year = {2018},
month = {04},
pages = {},
title = {A review of large low shear velocity provinces and ultra low velocity zones},
volume = {760},
journal = {Tectonophysics},
doi = {10.1016/j.tecto.2018.04.015}
}

@article{39,
  author    = {Maria Tsekhmistrenko and Karin Sigloch and Kasra Hosseini and Guilhem Barruol},
  title     = {A tree of Indo-African mantle plumes imaged by seismic tomography},
  journal   = {Nature Geoscience},
  year      = {2021},
  volume    = {14},
  pages     = {1-8},
  doi       = {10.1038/s41561-021-00762-9}
}

@book{40,
  author    = {M. W. McElhinny},
  title     = {Paleomagnetism: Continents and Oceans},
  year      = {2000},
  publisher = {Academic Press},
  address   = {San Diego},
  topics    = {Paleomagnetism, Plate tectonics, SCIENCE -- Physics -- Magnetism, Paläomagnetismus, Paléomagnétisme},
  language  = {English}
}

@article{41,
  author    = {Nils‐Axel Mörner},
  title     = {Annual and inter‐annual magnetic variations in varved clay},
  journal   = {Geologie en Mijnbouw},
  volume    = {57},
  pages     = {229-241},
  year      = {1978},
  doi       = {10.1080/09291017809359640},
  url       = {https://doi.org/10.1080/09291017809359640},
  received  = {01 Nov 1976},
  published = {30 Sep 2008}
}

@journal{42,
  title        = {Answers Research Journal},
  editor       = {Andrew Snelling},
  year         = {2008--present},
  publisher    = {Answers in Genesis},
  note          = {https://answersresearchjournal.org},
  issn         = {1937-9056}
}

@article{43,
  author    = {Andrew Snelling},
  title     = {The Monument Fold, Central Grand Canyon, Arizona},
  journal   = {Answers Research Journal},
  volume    = {16},
  year      = {2023},
  pages     = {301--432},
  url       = {https://answersresearchjournal.org/geology/monument-fold-grand-canyon/}
}

the next two are for the kaibab monocline images

@article{44,
  author = {Snelling, Andrew A.},
  title = {Folded Rock Layers},
  journal = {Answers in Genesis},
  year = {2009},
  url = {https://answersingenesis.org/geology/rock-layers/rock-layers-folded-not-fractured/}
}

@misc{45,
  author = {DC},
  title = {101 Reasons for a Young Earth SERIES: 13},
  year = {2019},
  url = {https://master1844-dc.blogspot.com/2019/03/101-reasons-for-young-earth-series-13.html},
  note = {Accessed: 2025-02-07}
}

@article{46,
  title = {When and How Did the Grand Canyon Form?},
  author = {Snelling, Andrew A. and Vail, Tom},
  journal = {Answers in Genesis},
  year = {2014},
  url = {https://answersingenesis.org/geology/grand-canyon-facts/when-and-how-did-the-grand-canyon-form/}
}

@misc{47,
  title = {Geology – Grand Canyon National Park},
  author = {{National Park Service}},
  year = {2025},
  note = {Accessed: 2025-02-07},
  url = {https://www.nps.gov/grca/learn/nature/grca-geology.htm}
}

@article{48,
  author    = {Austin, Steven A. and Holroyd III, Edmond W. and McQueen, David R.},
  title     = {Remembering Spillover Erosion of Grand Canyon},
  journal   = {Answers Research Journal},
  volume    = {13},
  pages     = {153--188},
  year      = {2020},
  url       = {https://answersingenesis.org/arj/v13/erosion_grand_canyon.pdf},
  issn      = {1937-9056}
}

@misc{49,
  author       = {{GetYourGuide}},
  title        = {Canyoning in Grand Canyon},
  howpublished = {\url{https://www.getyourguide.com/grand-canyon-l489/canyoning-tc65/}},
  note         = {Accessed: 2025-02-07}
}

@misc{50,
  title = {Grand Staircase},
  author = {{Wikipedia contributors}},
  year = {2025},
  note = {Accessed: 2025-02-07},
  url = {https://en.wikipedia.org/wiki/Grand_Staircase}
}

@misc{51,
  author       = {{Futura-Sciences}},
  title        = {Chasseurs de Science : Jarkov, le mammouth de 23 tonnes héliporté},
  year         = 2025,
  url          = {https://www.futura-sciences.com/planete/actualites/mammouth-chasseurs-science-jarkov-23-tonnes-mammouth-helicoptere-podcast-86692/},
  note         = {Accessed: 2025-02-07}
}

@article{52,
author = {Nyvlt, Vladimir and Musílek, Josef and Čejka, Jiří and Stopka, Ondrej},
year = {2016},
month = {12},
pages = {2253-2258},
title = {The Study of Derinkuyu Underground City in Cappadocia Located in Pyroclastic Rock Materials},
volume = {161},
journal = {Procedia Engineering},
doi = {10.1016/j.proeng.2016.08.824}
}

@misc{53,
  author = "{Wikipedia contributors}",
  title = "{Derinkuyu underground city --- Wikipedia{,} The Free Encyclopedia}",
  year = "2025",
  url = "https://en.wikipedia.org/wiki/Derinkuyu_underground_city",
  note = "[Online; accessed 7-February-2025]"
}

@inproceedings{54,
author = {Bixio, Roberto and Yamaç, Ali},
year = {2023},
month = {10},
pages = {},
title = {UNDERGROUND SHELTERS IN CAPPADOCIA}
}

@misc{55,
  author = "{Reddit user}",
  title = "{Derinkuyu in Turkey is an ancient underground city dating back 2500 years and extending to a depth of about 60 metres and able to support 20,000 people, and their cattle. Subterranean cities were thought to protect inhabitants from invasion, allowing thousands to live in secrecy}",
  year = "2025",
  url = "https://www.reddit.com/r/StrangeEarth/comments/12vcijx/derinkuyu_in_turkey_is_an_ancient_underground/",
  note = "[Online; accessed 8-February-2025]"
}

@misc{56,
  author = "{Reddit user}",
  title = "{Does there exist a D\&D style map/floor plan of Derinkuyu, the Turkish underground city? The 3D cross view is cool, but I would love to see an actual floorplan of this place.}",
  year = "2025",
  url = "https://www.reddit.com/r/dndmaps/comments/1d6wrr4/does_there_exist_a_dd_style_mapfloor_plan_of/",
  note = "[Online; accessed 8-February-2025]"
}

@article{57,
  author    = {Magee, M. J. and Wayman, M. L. and Lovell, N. C.},
  title     = {Chemical and Archaeological Evidence for the Destruction of a Sacred Animal Necropolis at Ancient Mendes, Egypt},
  journal   = {Journal of Archaeological Science},
  volume    = {23},
  number    = {4},
  pages     = {485--492},
  year      = {1996},
  doi       = {10.1006/jasc.1996.0046}
}

@book{58,
  author    = {Buckland, William},
  title     = {Reliquiae Diluvianae; or, Observations on the Organic Remains Contained in Caves, Fissures, and Diluvial Gravel, and on Other Geological Phenomena, Attesting the Action of an Universal Deluge},
  publisher = {J. Murray},
  year      = {1823},
  address   = {London},
  url       = {https://wellcomecollection.org/works/k7twatkd},
  note      = {Public Domain, Wellcome Collection}
}

@article{59,
  author    = {Larsen, Eiliv and Gulliksen, Steinar and Lauritzen, Stein-Erik and Lie, Rolf and L{\o}vlie, Reidar and Mangerud, Jan},
  title     = {Cave stratigraphy in western Norway; multiple Weichselian glaciations and interstadial vertebrate fauna},
  journal   = {Boreas},
  volume    = {16},
  number    = {3},
  pages     = {267--292},
  year      = {2008},
  doi       = {10.1111/j.1502-3885.1987.tb00096.x}
}

@article{60,
  author    = {Prestwich, Joseph},
  title     = {XVIII. On the evidences of a submergence of Western Europe, and of the Mediterranean coasts, at the close of the glacial or so-called post-glacial period, and immediately preceding the neolithic or recent period},
  journal   = {Philosophical Transactions of the Royal Society of London. Series A},
  volume    = {184},
  pages     = {903--956},
  year      = {1893},
  doi       = {10.1098/rsta.1893.0018}
}

@misc{61,
  author       = {Pellerito, Rosanna},
  title        = {Gli archi di San Ciro e i giganti di Monte Grifone},
  howpublished = {\url{https://archivioepensamenti.blogspot.com/2017/05/gli-archi-di-san-ciro-e-i-giganti-di.html}},
  note         = {Annotazioni di Rosanna Pellerito. Traduzione di Mariella Ferraro. Blog di Piero Carbone.},
  year         = {2017},
  month        = {May},
  urldate      = {2025-02-08}
}

@article{62,
  author    = {Zeng, Tian Chen and Aw, Alan J. and Feldman, Marcus W.},
  title     = {Cultural hitchhiking and competition between patrilineal kin groups explain the post-Neolithic Y-chromosome bottleneck},
  journal   = {Nature Communications},
  volume    = {9},
  article   = {2077},
  year      = {2018},
  doi       = {10.1038/s41467-018-04375-6},
  url       = {https://www.nature.com/articles/s41467-018-04375-6},
  note      = {Open Access}
}

@article{63,
  author    = {Philip D. Gingerich},
  title     = {Wadi Al-Hitan or ‘Valley of Whales’ – an Eocene World Heritage Site in the Western Desert of Egypt},
  journal   = {Geological Society, London, Special Publications},
  year      = {},
  doi       = {},
  url       = {https://orcid.org/0000-0002-1550-2674},
  email     = {gingeric@umich.edu}
}

@book{64,
  author    = {Immanuel Velikovsky},
  title     = {Earth in Upheaval},
  year      = {1955},
  publisher = {},
  url       = {https://www.velikovsky.info/earth-in-upheaval/},
  note      = {Accessed: 2025-02-06}
}
@article{65,
  author    = {Cecilia Anderung and Silvia Danise and Adrian G. Glover and Nicholas D. Higgs and Leif Jonsson and Richard Sabin and Thomas G. Dahlgren},
  title     = {A Swedish subfossil find of a bowhead whale from the late Pleistocene: shore displacement, paleoecology in south-west Sweden and the identity of the Swedenborg whale (*Balaena swedenborgii* Liljeborg)},
  journal   = {Historical Biology: An International Journal of Paleobiology},
  year      = {2013},
  doi       = {10.1080/08912963.2012.757605}
}

@misc{66,
  author       = {{Smithsonian Institution}},
  title        = {Cerro Ballena},
  year         = {2016},
  url          = {https://global.si.edu/projects/cerro-ballena},
  note         = {Accessed: 2025-02-08}
}

@misc{67,
  author       = {Emery, Andy},
  title        = {Glacial erratics},
  year         = {2023},
  url          = {https://www.antarcticglaciers.org/glacial-geology/glacial-landforms/glacial-depositional-landforms/glacial-erratics/},
  note         = {Accessed: 2025-02-08}
}

@misc{68,
  author       = {Emery, Andy},
  title        = {Unlocking ice-flow pathways using glacial erratics},
  year         = {2023},
  url          = {https://www.antarcticglaciers.org/glacial-geology/british-irish-ice-sheet/last-glacial-maximum/unlocking-ice-flow-pathways-using-stone-lithology/},
  note         = {Accessed: 2025-02-08}
}

@misc{69,
  author       = "{AntarcticGlaciers.org}",
  title        = "{Mega Scale Glacial Lineations}",
  year         = {2025},
  month        = {February},
  day          = {9},
  publisher    = "{Royal Holloway University of London}",
  url          = {https://www.antarcticglaciers.org/glacial-geology/glacial-landforms/glacial-depositional-landforms/mega-scale-glacial-lineations/},
  note         = "Accessed: 09-02-2025"
}

@misc{70,
  author       = "{Wikipedia contributors}",
  title        = "{Newgrange -- Burials}",
  year         = {2025},
  month        = {February},
  day          = {8},
  howpublished = "\url{https://en.wikipedia.org/wiki/Newgrange#Burials}",
  note         = "[Accessed: 2025-02-08]"
}

@book{71,
  author    = "Michael J. O'Kelly",
  title     = "Newgrange: Archaeology, Art and Legend",
  series    = "New Aspects of Antiquity",
  edition   = "Reprint",
  year      = "1988",
  publisher = "Thames \& Hudson",
  address   = "London",
  pages     = "240",
  isbn      = "978-0500273715"
}

@misc{72,
  author       = "{Wikipedia contributors}",
  title        = "{Dolmen de Soto --- Wikipedia{,} The Free Encyclopedia}",
  year         = "2025",
  url          = "https://en.wikipedia.org/wiki/Dolmen_de_Soto",
  note         = "[Online; accessed 8-February-2025]"
}

@article{73,
  author       = {José Antonio Lozano Rodríguez and Leonardo García Sanjuán and Antonio M. Álvarez-Valero and Francisco Jiménez-Espejo and Jesús María Arrieta and Eugenio Fraile-Nuez and Raquel Montero Artús and Giuseppe Cultrone and Fernando Alonso Muñoz-Carballeda and Francisco Martínez-Sevilla},
  title        = {The provenance of the stones in the Menga dolmen reveals one of the greatest engineering feats of the Neolithic},
  journal      = {Scientific Reports},
  volume       = {13},
  pages        = {21184},
  year         = {2023},
  month        = {December},
  doi          = {10.1038/s41598-023-47423-y},
  pmcid        = {PMC10692229},
  pmid         = {38040728}
}

this is the one that mentions broken and missing bones
@article{74,
author = {Braun, Eliot and Schaub, R. and Rast, Walter},
year = {1991},
month = {10},
pages = {744},
title = {Bab edh-Dhra c : Excavations in the Cemetery Directed by Paul W. Lapp (1965-67)},
volume = {95},
journal = {American Journal of Archaeology},
doi = {10.2307/505904}
}

@misc{75,
  author = "{Wikipedia contributors}",
  title = "{Bab edh-Dhra --- Wikipedia{,} The Free Encyclopedia}",
  year = "2025",
  url = "https://en.wikipedia.org/wiki/Bab_edh-Dhra",
  note = "[Online; accessed 9-February-2025]"
}

@misc{76,
  author       = {BiblePlaces.com},
  title        = {Bab edh-Dhra},
  howpublished = {\url{https://www.bibleplaces.com/babedhdhra/}},
  note         = {Accessed: 2025-02-09}
}

@article{77,
  author    = {Bruno Frohlich and Donald J. Ortner},
  title     = {Excavations of the Early Bronze Age Cemetery at Bab Edh-Dhra, Jordan, 1981},
  journal   = {Annual of the Department of Antiquities of Jordan},
  year      = {1982},
  volume    = {26},
  pages     = {249--267},
  url       = {https://publication.doa.gov.jo/uploads/publications/126/ADAJ_1982_26-249-267.pdf}
}

@article{78,
  author    = {Victor R. Baker},
  title     = {The Channeled Scabland: A Retrospective},
  journal   = {Annual Review of Earth and Planetary Sciences},
  volume    = {37},
  pages     = {6.1--6.19},
  year      = {2009},
  doi       = {10.1146/annurev.earth.061008.134726},
  url       = {https://www.annualreviews.org/doi/10.1146/annurev.earth.061008.134726},
  keywords  = {catastrophism, floods, fluvial erosion, megaflooding, uniformitarianism}
}

@misc{79,
  author       = {Callan Bentley},
  title        = {The Channeled Scablands},
  year         = 2019,
  url          = {https://opengeology.org/historicalgeology/case-studies/channeled-scablands/},
  note         = {Accessed: 2025-02-09}
}

mega current ripples picture
@article{80,
  author    = {J. H. Bretz},
  title     = {Lake Missoula and the Spokane Flood},
  journal   = {Geological Society of America Bulletin},
  volume    = {41},
  pages     = {92--93},
  year      = {1930}
}

@misc{81,
  author       = {Junho},
  title        = {Mega-Current Ripples},
  howpublished = {\url{https://github.com/sovrynn/ecdo/tree/master/1-EVIDENCE/physical-material/water-flow-structures/mega-current-ripples}},
  note         = {Accessed: 2025-02-09}
}

@misc{82,
  author       = {{UNESCO World Heritage Centre}},
  title        = {South China Karst},
  year         = 2007,
  url          = {https://whc.unesco.org/en/list/1248/},
  note         = {Accessed: 2025-02-09}
}

@misc{83,
  author       = {{BBC News}},
  title        = {Putting a Name to Those Who Have Scaled the Old Man of Hoy},
  year         = {2023},
  url          = {https://www.bbc.com/news/uk-scotland-north-east-orkney-shetland-66404775},
  note         = {Accessed: 2025-02-09}
}

@article{84,
author = {Li, Yaohuang},
year = {2020},
month = {07},
pages = {012055},
title = {Ocean erosion: the main cause of Zhangjiajie landform},
volume = {513},
journal = {IOP Conference Series: Earth and Environmental Science},
doi = {10.1088/1755-1315/513/1/012055}
}

@article{85,
author = {Yang, Guifang and Tian, Mingzhong and Zhang, Xujiao and Chen, Zhenghong and Wray, Robert and Zhiliang, Ge and Ping, Yamin and Ni, Zhiyun and Yang, Zhen},
year = {2012},
month = {03},
pages = {},
title = {Quartz sandstone peak forest landforms of Zhangjiajie Geopark, northwest Hunan Province, China: Pattern, constraints and comparison},
volume = {65},
journal = {Environmental Earth Sciences - ENVIRON EARTH SCI},
doi = {10.1007/s12665-011-1170-1}
}

@article{86,
author = {Varela, Sara and González-Hernánder, Javier and Sgarbi, Luciano and Marshall, Charles and Uhen, Mark and Peters, Shanan and McClennen, Michael},
year = {2015},
month = {04},
pages = {},
title = {paleobioDB: An R package for downloading, visualizing and processing data from the Paleobiology Database},
volume = {38},
journal = {Ecography},
doi = {10.1111/ecog.01154}
}

@misc{87,
  author       = {Junho},
  title        = {ECDO KMLs},
  howpublished = {\url{https://github.com/sovrynn/ecdo/tree/master/5-TOOLS-DEV/dev/0-completed-kmls}},
  note         = {Accessed: 2025-02-09}
}

@article{88,
  author = {},
  title = {Theory and Classification of Mass Extinction Causation},
  journal = {National Science Review},
  volume = {11},
  number = {1},
  year = {2024},
  month = {January},
  pages = {},
  doi = {10.1093/nsr/nwad237},
  url = {https://doi.org/10.1093/nsr/nwad237},
  note = {Published: 08 September 2023}
}

@misc{89,
  author       = "{Wikipedia contributors}",
  title        = "Extinction event --- {W}ikipedia{,} The Free Encyclopedia",
  year         = "2024",
  url          = "https://en.wikipedia.org/wiki/Extinction_event",
  note         = "[Online; accessed February 9, 2025]"
}

@article{90,
  author    = {Michael Staubwasser and Harvey Weiss},
  title     = {Holocene climate and cultural evolution in late prehistoric–early historic West Asia},
  journal   = {Quaternary Research},
  volume    = {66},
  number    = {3},
  pages     = {372-387},
  year      = {2006},
  month     = {November},
  doi       = {10.1016/j.yqres.2006.09.001},
  url       = {https://doi.org/10.1016/j.yqres.2006.09.001}
}

@misc{91,
  author       = "{Wikipedia contributors}",
  title        = "4.2-kiloyear event --- {W}ikipedia{,} The Free Encyclopedia",
  year         = "2025",
  url          = "https://en.wikipedia.org/wiki/4.2-kiloyear_event",
  note         = "[Online; accessed February 9, 2025]"
}

@misc{92,
  author       = "{Wikipedia contributors}",
  title        = "8.2-kiloyear event --- {W}ikipedia{,} The Free Encyclopedia",
  year         = "2025",
  url          = "https://en.wikipedia.org/wiki/8.2-kiloyear_event",
  note         = "[Online; accessed February 9, 2025]"
}

@article{93,
author = {Ryan, William},
year = {2003},
month = {05},
pages = {525-554},
title = {Catastrophic Flooding of the Black Sea},
volume = {31},
journal = {Annual Review of Earth and Planetary Sciences - ANNU REV EARTH PLANET SCI},
doi = {10.1146/annurev.earth.31.100901.141249}
}

@article{94,
  author    = {Maria Daniela Sanchez-Lopez},
  title     = {Territory and lithium extraction: The Great Land of Lipez and the Uyuni Salt Flat in Bolivia},
  journal   = {Political Geography},
  volume    = {90},
  pages     = {102456},
  year      = {2021},
  month     = {October},
  doi       = {10.1016/j.polgeo.2021.102456},
  url       = {https://doi.org/10.1016/j.polgeo.2021.102456}
}

@article{95,
  author    = {O. Bar-Yosef},
  title     = {The Walls of Jericho: An Alternative Interpretation},
  journal   = {Current Anthropology},
  volume    = {27},
  number    = {2},
  pages     = {157-162},
  year      = {1986},
  doi       = {10.1086/203413},
  url       = {http://nrs.harvard.edu/urn-3:HUL.InstRepos:12211567},
  note      = "[Accessed July 19, 2018]"
}

@misc{96,
  author       = "{Wikipedia contributors}",
  title        = "{Jericho --- Wikipedia{,} The Free Encyclopedia}",
  year         = "2025",
  url          = "https://en.wikipedia.org/wiki/Jericho",
  note         = "[Online; accessed 9-February-2025]"
}

@book{97,
  author    = {Margaret Wheeler},
  title     = {Walls of Jericho},
  year      = {1958},
  publisher = {Readers Union and Chatto \& Windus},
  language  = {English},
  asin      = {B0007JJ7Y4}
}

@article{98,
  author    = {Gabriel Prieto},
  title     = {The Early Initial Period Fishing Settlement of Gramalote, Moche Valley: A Preliminary Report},
  journal   = {Peruvian Archaeology},
  volume    = {1},
  year      = {2014}
}

@misc{99,
  author       = {Wikipedia contributors},
  title        = {Çatalhöyük --- Wikipedia{,} The Free Encyclopedia},
  year         = {2025},
  url          = {https://en.wikipedia.org/wiki/Çatalhöyük},
  note         = {Accessed: 2025-02-09}
}

@article{100,
  author    = {W. S. Downey and D. H. Tarling},
  title     = {Archaeomagnetic dating of Santorini volcanic eruptions and fired destruction levels of late Minoan civilization},
  journal   = {Nature},
  volume    = {309},
  pages     = {519--523},
  year      = {1984},
  doi       = {10.1038/309519a0},
  url       = {https://doi.org/10.1038/309519a0}
}

@article{101,
  title = {Sir Arthur Evans},
  author = {{Encyclopædia Britannica}},
  journal = {Encyclopædia Britannica},
  year = {2025},
  url = {https://www.britannica.com/biography/Arthur-Evans},
  note = {Accessed: 2025-02-09}
}

@misc{102,
  author = {{Wikipedia contributors}},
  title = {Nampa figurine},
  year = {2025},
  url = {https://en.wikipedia.org/wiki/Nampa_figurine},
  note = {Accessed: 2025-02-09}
}

@book{103,
  title     = {Proceedings of the Boston Society of Natural History, Vol. XXIV},
  year      = {1890},
  publisher = {Printed for the Society},
  location  = {Boston},
  note      = {Includes nine plates}
}

@incollection{104,
  author    = {B. Mazumder},
  title     = {Coal deposits, mining and beneficiation},
  booktitle = {Coal Science and Engineering},
  year      = {2012},
  publisher = {Elsevier},
  note      = {Chapter in edited volume}
}

@article{105,
  author    = {P. V. Smith},
  title     = {The Occurrence of Hydrocarbons in Recent Sediments from the Gulf of Mexico},
  journal   = {Science},
  volume    = {116},
  number    = {3017},
  pages     = {437--439},
  year      = {1952},
  doi       = {10.1126/science.116.3017.437},
  url       = {https://doi.org/10.1126/science.116.3017.437}
}

@article{106,
  title = {Carbon-14 in Fossils, Coal, and Diamonds},
  author = {Snelling, Andrew A.},
  journal = {Answers in Genesis},
  year = {2012},
  url = {https://answersingenesis.org/geology/carbon-14/7-carbon-14-in-fossils-coal-and-diamonds/}
}

@article{107,
  author    = {R. Hayatsu and R. L. McBeth and R. G. Scott and R. E. Botto and R. E. Winans},
  title     = {Artificial coalification study: Preparation and characterization of synthetic macerals},
  journal   = {Organic Geochemistry},
  volume    = {6},
  pages     = {463--471},
  year      = {1984},
  doi       = {10.1016/0146-6380(84)90069-x},
  url       = {https://doi.org/10.1016/0146-6380(84)90069-x}
}

@article{108,
  author    = {Andrew A. Snelling},
  title     = {Radioisotope Dating of Rocks in the Grand Canyon},
  journal   = {Creation},
  volume    = {27},
  number    = {3},
  pages     = {44--49},
  year      = {2005},
  url       = {https://answersingenesis.org/geology/radiometric-dating/radioisotope-dating-of-rocks-in-the-grand-canyon/}
}

@article{109,
  author    = {Mary H. Schweitzer and Jennifer L. Wittmeyer and John R. Horner and Jan K. Toporski},
  title     = {Soft-Tissue Vessels and Cellular Preservation in \textit{Tyrannosaurus rex}},
  journal   = {Science},
  volume    = {307},
  number    = {5717},
  pages     = {1952--1955},
  year      = {2005},
  doi       = {10.1126/science.1108397},
  url       = {https://doi.org/10.1126/science.1108397}
}

@article{110,
  author  = {Kevin Anderson},
  title   = {Dinosaur Tissue: A Biochemical Challenge to the Evolutionary Timescale},
  journal = {Answers in Depth},
  year    = {2016},
  url     = {https://answersingenesis.org/fossils/dinosaur-tissue/}
}

@misc{111,
  author       = {Wikipedia contributors},
  title        = {Plato --- Wikipedia{,} The Free Encyclopedia},
  year         = {2025},
  url          = {https://en.wikipedia.org/wiki/Plato},
  note         = {[Online; accessed 10-February-2025]}
}

@book{112,
  author    = {Plato},
  title     = {Critias},
  translator = {Benjamin Jowett},
  year      = {2008},
  edition   = {Project Gutenberg eBook},
  publisher = {Project Gutenberg},
  url       = {https://www.gutenberg.org/ebooks/1571},
  note      = {Release Date: August 15, 2008, Last Updated: January 15, 2013. Produced by Sue Asscher and David Widger}
}

@book{113,
  author    = {Immanuel Velikovsky},
  title     = {Worlds in Collision},
  year      = {1965},
  publisher = {Nicolai Woodenko Library},
  language  = {English},
  pages     = {421},
  identifier = {B-001-014-474},
  url       = {https://archive.org/details/B-001-014-474},
  note      = {Missing pages: 1-2, 37-38, 205-206, 377-378 in the original numbering. Scanned by Internet Archive HTML5 Uploader 1.6.3}
}

@misc{114,
  title        = {Great Flood (China)},
  year         = {2025},
  howpublished = {\url{https://en.wikipedia.org/wiki/Great_Flood_(China)}},
  note         = {Accessed: 2025-02-10}
}

@article{115,
  author    = {Qinglong Wu and Zhijun Zhao and Li Liu and Darryl E. Granger and Hui Wang and David J. Cohen and Xiaohong Wu and Maolin Ye and Ofer Bar-Yosef and Shibiao Bai},
  title     = {Outburst flood at 1920 BCE supports historicity of China’s Great Flood and the Xia dynasty},
  journal   = {Science},
  volume    = {353},
  number    = {6299},
  pages     = {579--582},
  year      = {2016},
  doi       = {10.1126/science.aaf0842},
  url       = {https://doi.org/10.1126/science.aaf0842}
}

@misc{116,
  author       = {{Wikipedia contributors}},
  title        = {Ogyges --- Wikipedia{,} The Free Encyclopedia},
  year         = {2025},
  url          = {https://en.wikipedia.org/wiki/Ogyges},
  note         = {[Online; accessed 10-February-2025]},
}

@book{117,
  author    = {Sir James George Frazer},
  title     = {Folk-lore in the Old Testament: Studies in Comparative Religion, Legend, and Law},
  year      = {1919},
  publisher = {Macmillan and Co., Limited},
  address   = {London},
  volume    = {3},
  language  = {English},
  url       = {https://archive.org/details/folkloreinoldtes03fraziala},
  note      = {Digitized by the University of California Libraries. Call number: SRLF:LAGE-204854}
}

@misc{118,
  author       = {David J. McAdam},
  title        = {The Scheme of the Peruvian Savants},
  howpublished = {\url{https://www.djmcadam.com/scheme-peruvian.html}},
  note         = {Accessed: 2025-02-10}
}

@book{119,
  author    = {Zecharia Sitchin},
  title     = {The Lost Realms},
  publisher = {Avon Books},
  year      = {1990},
  chapter   = {7},
  pages     = {183--210},
  note      = {Chapter 7: "The Day the Sun Stood Still"},
  url       = {https://zsitchinindex.wordpress.com/the-earth-chronicles-index/book-4-the-lost-realms/chapter-7-the-day-the-sun-stood-still/}
}

@book{120,
  author    = {Flavius Josephus},
  translator = {William Whiston},
  title     = {Antiquities of the Jews},
  year      = {2001},
  edition   = {Project Gutenberg eBook No. 2848},
  publisher = {Project Gutenberg},
  url       = {https://www.gutenberg.org/ebooks/2848},
  note      = {Public domain in the USA. Last updated: January 30, 2024. Wikipedia page: \url{https://en.wikipedia.org/wiki/Antiquities_of_the_Jews}}
}

@article{121,
author = {Jun,},
year = {2022},
month = {06},
pages = {31-42},
title = {Historical Review of Mohenjo-Daro and Harappan Civilization in Pakistan},
volume = {5},
journal = {Pacific International Journal},
doi = {10.55014/pij.v5i2.185}
}

@article{122,
  author    = {Y. Ait Brahim and J. A. Wassenburg and L. Sha and F. W. Cruz and M. Deininger and A. Sifeddine and L. Bouchaou and Christoph Spötl and R. L. Edwards and H. Cheng},
  title     = {North Atlantic Ice-Rafting, Ocean and Atmospheric Circulation During the Holocene: Insights From Western Mediterranean Speleothems},
  journal   = {Geophysical Research Letters},
  year      = {2019},
  month     = {June},
  volume    = {46},
  number    = {12},
  pages     = {6616--6623},
  doi       = {10.1029/2019GL082405},
  url       = {https://doi.org/10.1029/2019GL082405},
  note      = {Citations: 53 as of 2025-02-10}
}

@article{123,
  author    = {Ulrich R. Christensen},
  title     = {Geodynamo Models: Tools for Understanding Properties of Earth’s Magnetic Field},
  journal   = {Physics of the Earth and Planetary Interiors},
  volume    = {187},
  number    = {3–4},
  pages     = {157--169},
  year      = {2011},
  month     = {August},
  doi       = {10.1016/j.pepi.2011.03.012},
  url       = {https://doi.org/10.1016/j.pepi.2011.03.012},
  editor    = {Keke Zhang}
}

@misc{124,
  author       = {{National Centers for Environmental Information (NCEI)}},
  title        = {Wandering of the Geomagnetic Poles},
  year         = {2022},
  url          = {https://www.ncei.noaa.gov/products/wandering-geomagnetic-poles},
  note         = {Accessed: 2025-02-10}
}

@article{125,
  author    = {Andrew Jackson and Art R. T. Jonkers and Matthew R. Walker},
  title     = {Four Centuries of Geomagnetic Secular Variation from Historical Records},
  journal   = {Philosophical Transactions of the Royal Society A: Mathematical, Physical and Engineering Sciences},
  volume    = {358},
  number    = {1768},
  pages     = {957--990},
  year      = {2000},
  month     = {March},
  doi       = {10.1098/rsta.2000.0569},
  url       = {https://doi.org/10.1098/rsta.2000.0569}
}

@misc{126,
  author       = {{National Centers for Environmental Information (NCEI)}},
  title        = {International Geomagnetic Reference Field (IGRF)},
  year         = {2024},
  url          = {https://www.ncei.noaa.gov/products/international-geomagnetic-reference-field},
  note         = {Accessed: 2025-02-10}
}

@misc{127,
  author       = {{NASA Goddard Institute for Space Studies}},
  title        = {GISS Surface Temperature Analysis (v4): Analysis Graphs and Plots},
  year         = {2025},
  url          = {https://data.giss.nasa.gov/gistemp/graphs_v4/},
  note         = {Accessed: 2025-02-10}
}

@misc{128,
  author       = {{Climate Change Institute, University of Maine}},
  title        = {Daily Sea Surface Temperature},
  year         = {2024},
  url          = {https://climatereanalyzer.org/clim/sst_daily/?dm_id=world2},
  note         = {Accessed: 2025-02-10}
}

@misc{129,
  author       = {{The Ethical Skeptic}},
  title        = {The Climate Change Alternative We Ignore (to Our Peril)},
  year         = {2020},
  url          = {https://theethicalskeptic.com/2020/02/16/the-climate-change-alternative-we-ignore-to-our-peril/},
  note         = {Accessed: 2025-02-10}
}

@misc{130,
  author       = {{National Oceanic and Atmospheric Administration (NOAA), Global Monitoring Laboratory}},
  title        = {Trends in Atmospheric Carbon Dioxide},
  year         = {2025},
  url          = {https://gml.noaa.gov/ccgg/trends/},
  note         = {Accessed: 2025-02-10}
}

@misc{131,
  author       = {{Arctic Data archive System (ADS)}},
  title        = {Visual Information of the Sea ice for the Polar Operational Network (ViSHOP)},
  year         = {2025},
  url          = {https://ads.nipr.ac.jp/vishop/#/extent},
  note         = {Accessed: 2025-02-10}
}

@article{132,
  author    = {Damien G. Desbruyères and Sarah G. Purkey and Elaine L. McDonagh and Gregory C. Johnson and Brian A. King},
  title     = {Deep and Abyssal Ocean Warming from 35 Years of Repeat Hydrography},
  journal   = {Geophysical Research Letters},
  volume    = {43},
  number    = {19},
  pages     = {10356--10365},
  year      = {2016},
  month     = {September},
  doi       = {10.1002/2016GL070413},
  url       = {https://doi.org/10.1002/2016GL070413},
  note      = {Citations: 101 as of 2025-02-10}
}

@misc{133,
  author       = {{NASA}},
  title        = {Ocean Warming | Vital Signs – Climate Change: Vital Signs of the Planet},
  year         = 2024,
  url          = {https://climate.nasa.gov/vital-signs/ocean-warming/},
  note         = {Accessed: 2025-02-10}
}

@misc{134,
  author       = {{National Oceanic and Atmospheric Administration (NOAA), National Ocean Service}},
  title        = {How far does light travel in the ocean?},
  year         = {2024},
  url          = {https://oceanservice.noaa.gov/facts/light_travel.html},
  note         = {Accessed: 2025-02-10}
}

@dataset{135,
author = {De Santis, Angelo and Qamili, Enkelejda},
year = {2014},
month = {08},
pages = {},
title = {Geosystemics: A Systemic View of the Earth’s Magnetic Field and the Possibilities for an Imminent Geomagnetic Transition},
volume = {172},
journal = {Pure and Applied Geophysics},
doi = {10.1007/s00024-014-0912-x}
}

@misc{136,
  author       = {sovrynn},
  title        = {SAA Tipping Point Calculation},
  year         = 2025,
  url          = {https://github.com/sovrynn/ecdo/tree/master/1-EVIDENCE/1-PRESENT-CLIMATE-ANOMALIES/0-data-studies/saa-tipping-point-calc},
  note         = {Accessed: 2025-02-10}
}

@misc{137,
  author       = {{Wikipedia contributors}},
  title        = {Project Nanook},
  year         = {2024},
  url          = {https://en.wikipedia.org/wiki/Project_Nanook},
  note         = {Accessed: 2025-02-10}
}

@book{138,
  author       = {Ken White},
  title        = {World in Peril: The Origin, Mission, and Scientific Findings of the 46th/72nd Reconnaissance Squadron},
  year         = {1992},
  publisher    = {Self-published, Elkhart, Ind},
  address      = {Elkhart, Indiana},
  pages        = {297},
  isbn         = {0962891681},
  lccn         = {92061710},
  oclc         = {27206305},
  library      = {Library of Congress Classification: UG633 .W43 1992, Dewey Decimal Class: 358.4/5/09798},
  note         = {Includes bibliographical references (p. 285-287) and index.}
}

@misc{139,
  author       = {{Nobulart}},
  title        = {The Flip of the Earth},
  year         = {2022},
  url          = {https://nobulart.com/the-flip-of-the-earth/},
  note         = {Accessed: 2025-02-10}
}

@book{140,
  author       = {Plato},
  translator   = {Robert Gregg Bury},
  title        = {Timaeus},
  year         = {1929},
  publisher    = {Harvard University Press; William Heinemann Ltd.},
  address      = {Cambridge, MA; London},
  note         = {Public domain text digitized by the Perseus Project under a Creative Commons Attribution-ShareAlike 3.0 United States License. CTS URN: urn:cts:greekLit:tlg0059.tlg031},
  url          = {https://www.perseus.tufts.edu/},
  wikidata     = {Q371884},
  trismegistos = {authorwork/957}
}

@article{141,
  title        = {The elastic properties of hcp-{Fe} alloys under the conditions of the Earth's inner core},
  author       = {Li, Yunguo and Vočadlo, Lidunka and Brodholt, John P.},
  journal      = {Earth and Planetary Science Letters},
  volume       = {493},
  pages        = {118--127},
  year         = {2018},
  doi          = {10.1016/j.epsl.2018.04.013},
  publisher    = {Elsevier},
}

@misc{142,
  author       = {{National Centers for Environmental Information (NCEI)}},
  title        = {Wandering of the Geomagnetic Poles},
  year         = 2022,
  url          = {https://www.ncei.noaa.gov/products/wandering-geomagnetic-poles},
  note         = {Accessed: 2025-02-13}
}

@misc{143,
  author       = {{National Park Service}},
  title        = {Geology - Grand Canyon National Park},
  howpublished = {\url{https://www.nps.gov/grca/learn/nature/grca-geology.htm}},
  note         = {Accessed: 2025-02-13}
}

@misc{144,
  author       = {{National Park Service}},
  title        = {Geology - Death Valley National Park},
  howpublished = {\url{https://www.nps.gov/deva/learn/nature/geology.htm}},
  note         = {Accessed: February 13, 2025}
}

@article{145,
  title = {Just How Old Is Homo sapiens?},
  author = {Rafferty, John P.},
  year = {n.d.},
  url = {https://www.britannica.com/story/just-how-old-is-homo-sapiens},
  note = {Accessed: 2025-02-13}
}

@book{146,
  author    = {Chan Thomas},
  title     = {The Adam And Eve Story: The History Of Cataclysms (Full Version Uncensored)},
  year      = {2022},
  publisher = {Open Source Collection},
  language  = {English},
  url       = {https://www.cia.gov/readingroom/docs/CIA-RDP79B00752A000300070001-8.pdf},
  note      = {Originally classified by the CIA, a censored version is available online.}
}

@online{147,
  author       = {Rebecca Lindsey and LuAnn Dahlman},
  title        = {Climate Change: Ocean Heat Content},
  organization = {National Oceanic and Atmospheric Administration (NOAA)},
  year         = 2023,
  url          = {https://www.climate.gov/news-features/understanding-climate/climate-change-ocean-heat-content},
  note         = {Accessed: 2025-02-13}
}

@misc{148,
  author       = {Xin Lan and Pieter Tans and Kenneth W. Thoning},
  title        = {Trends in globally-averaged CO₂ determined from NOAA Global Monitoring Laboratory measurements},
  year         = 2025,
  note         = {Version 2025-02},
  url          = {https://doi.org/10.15138/9N0H-ZH07},
  howpublished = {\url{https://gml.noaa.gov/ccgg/trends/gl_data.html}},
  doi          = {10.15138/9N0H-ZH07}
}

@misc{149,
  author       = {Arctic Data archive System (ADS)},
  title        = {Visual Information of the Sea ice for the Polar Operational Network (ViSHOP)},
  year         = 2025,
  url          = {https://ads.nipr.ac.jp/vishop/#/extent},
  note         = {Accessed: 2025-02-13}
}

@misc{150,
  author       = {sovrynn},
  title        = {Evolving Concepts in Distributed Organizations: Foundation Theory},
  howpublished = {\url{https://github.com/sovrynn/ecdo/tree/master/0-FOUNDATION-THEORY/s2#duration}},
  year         = {2025},
  note         = {Accessed: 2025-02-13}
}
