@misc{0,
 author = {The Ethical Skeptic},
 note = {https://theethicalskeptic.com/},
}

@misc{1,
 author = {The Ethical Skeptic},
 title = {Master Exothermic Core-Mantle Decoupling – Dzhanibekov Oscillation (ECDO) Theory},
 note = {https://theethicalskeptic.com/2024/05/23/master-exothermic-core-mantle-decoupling-dzhanibekov-oscillation-theory/},
 year = 2024 
}

@misc{2,
 author = {Junho},
 title = {ECDO Github Research Repository},
 note = {https://github.com/sovrynn/ecdo},
 year = 2024 
}

@online{3,
  author    = {Junho},
  title     = {Junho's Website},
  year      = {2025},
  howpublished       = {https://sovrynn.github.io/},
  urldate   = {2025-05-15}
}

@misc{4,
  author       = {Ryan, Bill (interviewer) and Anonymous (witness)},
  title        = {“The Anglo‑Saxon Mission: Witness Audio Interview Transcript”},
  howpublished = {Project Avalon website},
  month        = feb,
  year         = 2010,
  note         = {Audio interview recorded January 2010; transcript published February 2010},
  url          = {https://projectavalon.net/lang/en/anglo_saxon_mission_interview_transcript_en.html}
}

@misc{5,
  author       = {{The Editors of Encyclopaedia Britannica}},
  title        = {Freemasonry},
  howpublished = {Encyclopædia Britannica},
  year         = {2025},
  month        = may,
  note         = {Last updated May 19, 2025},
  url          = {https://www.britannica.com/topic/Freemasonry}
}

@misc{6,
  author       = {{sovrynn} (GitHub user)},
  title        = {“anglo‑saxon‑mission” [folder] in *ecdo / 1‑EVIDENCE / conspiracy‑theories / elite‑intel*},
  howpublished = {GitHub repository},
  year         = {2025},
  note         = {Accessed June 10, 2025},
  url          = {https://github.com/sovrynn/ecdo/tree/master/1-EVIDENCE/conspiracy-theories/elite-intel/anglo-saxon-mission}
}

@misc{7,
  author       = {{Wikipedia contributors}},
  title        = {“Druid”},
  howpublished = {Wikipedia, The Free Encyclopedia},
  note         = {Last edited June 2025; accessed June 10, 2025},
  year         = {2025},
  url          = {https://en.wikipedia.org/wiki/Druid}
}

@misc{8,
  author       = {Dewinter, Jan},
  title        = {The Last Druid},
  year         = {1992},
  howpublished = {Documentary film},
  note         = {A documentary on Ben McBrady, the last known member of the pre-Druid Megalithic Order, “The Old Gaelic Order.”}
}

@misc{9,
  author       = {{Unknown uploader (YouTube user)}},
  title        = {The Last Druid},
  howpublished = {YouTube video},
  year         = {2017},
  month        = mar,
  note         = {Released approximately 7.3 years ago; documentary on Ben McBrady, known as the last member of the Old Gaelic Order},
  url          = {https://www.youtube.com/watch?v=FIrYD7djFH8}
}

@misc{10,
  author       = {Paine, Thomas},
  title        = {On the Origin of Freemasonry},
  howpublished = {nobulart.com blog},
  month        = feb,
  year         = {2023},
  note         = {Originally written 1808; published February 19, 2023; updated January 11, 2025; accessed June 10, 2025},
  url          = {https://nobulart.com/on-the-origin-of-freemasonry/}
}

@misc{11,
  author       = {{MSUToday, Michigan State University}},
  title        = {MSU scholars find \$21 trillion in unauthorized government spending; Defense Department to conduct first-ever audit},
  howpublished = {MSUToday},
  month        = dec,
  day          = 11,
  year         = 2017,
  note         = {Accessed June 10, 2025},
  url          = {https://msutoday.msu.edu/news/2017/msu-scholars-find-21-trillion-in-unauthorized-government-spending-defense-department-to-conduct}
}


@misc{12,
  author       = {Skidmore, Mark and Fitts, Catherine Austin},
  title        = {Should We Care about Secrecy in Financial Reporting?},
  howpublished = {The Real Game of Missing Money series (Solari Report)},
  month        = feb,
  day          = {8},
  year         = {2019},
  note         = {Accessed June 10, 2025},
  url          = {https://hudmissingmoney.solari.com/should-we-care-about-secrecy-in-financial-reporting/}
}

@misc{13,
  author       = {{sovrynn} (GitHub user)},
  title        = {“catherine‑fitts” folder in *ecdo / 6‑LITERATURE‑MEDIA* repository},
  howpublished = {GitHub repository},
  month        = jun,
  day          = {10},
  year         = {2025},
  note         = {Accessed June 10, 2025},
  url          = {https://github.com/sovrynn/ecdo/tree/master/6-LITERATURE-MEDIA/catherine-fitts}
}

@misc{14,
  author       = {{Pinterest user (anonymous)}},
  title        = {British Empire Map},
  howpublished = {Pinterest (image pin)},
  year         = {2025},
  month        = jun,
  day          = {10},
  note         = {Accessed June 10, 2025},
  url          = {https://kr.pinterest.com/pin/495255290247792407/}
}

@misc{15,
  author       = {{Statista}},
  title        = {Receipts of the U.S. Government Since Fiscal Year 2000},
  howpublished = {Statista},
  year         = {2025},
  note         = {Accessed June 10, 2025},
  url          = {https://www.statista.com/statistics/200405/receipts-of-the-us-government-since-fiscal-year-2000/}
}

@misc{16,
  author       = {{Solari Report}},
  title        = {Blast from the Past: Week of October 2, 2023: What’s Up Underground? with Richard Dolan},
  howpublished = {The Solari Report},
  month        = oct,
  day          = {1},
  year         = {2023},
  note         = {Accessed June 10, 2025},
  url          = {https://solari.com/blast-from-the-past-week-of-october-2-2023-whats-up-underground-with-richard-dolan/}
}

@misc{17,
  author       = {Mark Skidmore},
  title        = {Missing Money 2021 Update: Addendum to Missing Money—June 2021},
  howpublished = {Solari Report website},
  year         = {2021},
  month        = jun,
  url          = {https://missingmoney.solari.com/missing-money-2021-update/},
  note         = {Accessed June 10, 2025},
}

@misc{18,
  author       = {Anthony Capaccio},
  title        = {Pentagon Racks Up \$35 Trillion in Accounting Changes in One Year},
  howpublished = {Bloomberg News},
  year         = {2020},
  month        = jan,
  day          = {22},
  url          = {https://www.bloomberg.com/news/articles/2020-01-22/pentagon-racks-up-35-trillion-in-accounting-changes-in-one-year},
  note         = {Accessed June 10, 2025},
}

@misc{19,
  author       = {{Tax Policy Center}},
  title        = {Federal Receipt and Outlay Summary},
  howpublished = {Tax Policy Center website},
  year         = {2024},
  month        = may,
  day          = {20},
  url          = {https://taxpolicycenter.org/statistics/federal-receipt-and-outlay-summary},
  note         = {Accessed June 10, 2025},
}

@misc{20,
  author       = {Catherine Austin Fitts},
  title        = {What’s Up Underground? with Richard Dolan},
  howpublished = {Solari Report website},
  year         = {2015},
  month        = mar,
  day          = {20},
  url          = {https://library.solari.com/whats-up-underground-with-richard-dolan/},
  note         = {Accessed June 10, 2025},
}

@misc{21,
  author       = {{sovrynn}},
  title        = {“bunkers” directory in *ecdo/1‑EVIDENCE/conspiracy‑theories*},
  howpublished = {GitHub repository},
  year         = {2025},
  month        = jun,
  day          = {10},
  url          = {https://github.com/sovrynn/ecdo/tree/master/1-EVIDENCE/conspiracy-theories/bunkers},
  note         = {Accessed June 10, 2025},
}

@book{22,
  author       = {Richard Sauder},
  title        = {Hidden in Plain Sight: Beyond the X‑Files},
  publisher    = {Adventures Unlimited Press},
  address      = {Kempton, Pennsylvania},   % typical HQ location, adjust if needed
  year         = {2021},
  edition      = {2\textsuperscript{nd}},
  pages        = {228},
  isbn         = {9781948803342},
  note         = {Originally published 2012; updated 2021 edition},
}

@misc{23,
  title        = {“Navy undersea subs”},
  author       = {{Cryptome}},
  howpublished = {\url{https://cryptome.org/2022/07/navy/navy-undersea-subs.htm}},
  month        = jul,
  year         = {2022},
  note         = {Accessed: \today}
}

@article{24,
  author       = {Duggan, Jennifer},
  title        = {“Norway: ‘Doomsday’ Vault Where World’s Seeds Are Kept Safe”},
  journal      = {Time},
  howpublished = {\url{https://time.com/doomsday-vault/}},
  month        = apr,
  year         = {2017},
  note         = {Accessed: 2025-06-10}
}

@misc{25,
  title        = {“A letter from a Norwegian politician”},
  author       = {{Project Camelot}},
  howpublished = {\url{https://projectcamelot.org/norway.html}},
  note         = {Accessed: 2025-06-11}
}

@misc{26,
  author       = {{sovrynn}},
  title        = {“ecdo/6‑LITERATURE‑MEDIA/project‑camelot”},
  howpublished = {\url{https://github.com/sovrynn/ecdo/tree/master/6-LITERATURE-MEDIA/project-camelot}},
  year         = {2025},
  note         = {Accessed: 2025-06-11}
}

@article{27,
  author       = {Stevens, Jessi Jezewska},
  title        = {``Why does Switzerland have more nuclear bunkers than any other country?''},
  journal      = {The Guardian},
  date         = {2025-05-29},
  howpublished = {\url{https://www.theguardian.com/news/2025/may/29/why-does-switzerland-have-more-nuclear-bunkers-than-any-other-country}},
  note         = {Accessed: 2025-06-11}
}

@article{28,
  author       = {Robinson, Melia},
  title        = {“Billionaires are stockpiling land that could be used in the apocalypse — here's where they're going”},
  journal      = {Business Insider},
  date         = {2017-06-14},
  howpublished = {\url{https://www.businessinsider.com/billionaire-doomsday-preppers-escape-plans-2017-6}},
  note         = {Accessed: 2025-06-11}
}

@misc{29,
  author       = {{Arch Mission Foundation}},
  title        = {“Global Knowledge Vault”},
  howpublished = {\url{https://www.archmission.org/gkv}},
  month        = jan,
  year         = {2024},
  note         = {Accessed: 2025-06-11}
}

@misc{30,
  author       = {{Svalbard Global Seed Vault}},
  title        = {“Svalbard Global Seed Vault: Safeguarding Seeds for the Future”},
  howpublished = {\url{https://www.seedvault.no/}},
  year         = {2025},
  note         = {Accessed: 2025-06-11}
}

@article{31,
  author       = {Richards, Evelyn},
  title        = {Where is the Pentagon in relation to the White House?},
  journal      = {Metro},
  date         = {2021-09-01},
  howpublished = {\url{https://metro.co.uk/2021/09/01/where-is-the-pentagon-in-relation-to-the-white-house-15190682/}},
  note         = {Accessed: 2025-06-11}
}

@misc{32,
  author       = {{South Tyrol Blog}},
  title        = {“South Tyrol’s bunker landscape”},
  howpublished = {\url{https://www.south-tirol.com/blog/south-tyrols-bunker-landscape}},
  month        = oct,
  year         = {2023},
  note         = {Published October 13, 2023; Accessed: 2025-06-11}
}

@misc{33,
  author       = {{sovrynn}},
  title        = {“ecdo/6‑LITERATURE‑MEDIA/amallulla”},
  howpublished = {\url{https://github.com/sovrynn/ecdo/tree/master/6-LITERATURE-MEDIA/amallulla}},
  year         = {2025},
  note         = {Accessed: 2025-06-11}
}

@misc{34,
  author       = {{Internet Archive}},
  title        = {“Archived Versions of Amallulla.com”},
  howpublished = {\url{https://web.archive.org/web/20220801000000*/amallulla.com}},
  note         = {Accessed: 2025-06-11},
  year         = {2025}
}

@article{35,
  author       = {Wilson, Matthew},
  title        = {“The Eye of Providence: The symbol with a secret meaning”},
  journal      = {BBC Culture},
  date         = {2020-11-12},
  howpublished = {\url{https://www.bbc.com/culture/article/20201112-the-eye-of-providence-the-symbol-with-a-secret-meaning}},
  note         = {Accessed: 2025-06-11}
}

@misc{36,
  author       = {{sovrynn}},
  title        = {“№ 58. The multi‑trillion‑dollar granite tunnel system in the Pikes Peak batholith | An Apocalyptic Synthesis”},
  howpublished = {\url{https://github.com/sovrynn/ecdo/blob/master/6-LITERATURE-MEDIA/amallulla/%E2%84%96%2058.%20The%20multi-trillion-dollar%20granite%20tunnel%20system%20in%20the%20Pikes%20Peak%20batholith%20_%20An%20Apocalyptic%20Synthesis.html}},
  year         = {2025},
  note         = {Accessed: 2025-06-11}
}

@misc{37,
  title        = {Federal Reserve},
  author       = {{Wikipedia contributors}},
  year         = {2025},
  month        = {May},
  note         = {Last modified on May 2025},
  howpublished = {\url{https://en.wikipedia.org/wiki/Federal_Reserve}},
  journal      = {Wikipedia, The Free Encyclopedia},
}

@online{38,
  author    = {Adolfo Arranz and Jonathan Saul and Stephen Farrell and Simon Scarr and Clare Trainor},
  title     = {Inside the tunnels of Gaza},
  year      = {2023},
  url       = {https://www.reuters.com/graphics/ISRAEL-PALESTINIANS/GAZA-TUNNELS/gkvldmzorvb/},
  note      = {Accessed: 2025-06-17},
}

@online{39,
  author    = {Howard Altman},
  title     = {Iran Shows Off Underground 'Missile City'},
  year      = {2025},
  url       = {https://www.twz.com/news-features/iran-shows-off-underground-missile-city},
  note      = {Accessed: 2025-06-17},
}

@misc{40,
  author       = {Sovrynn},
  title        = {ecdo: Evidence Compilation of Disinformation Operations},
  year         = {2025},
  url          = {https://github.com/sovrynn/ecdo/tree/master/1-EVIDENCE/conspiracy-theories/bunkers/middle-east},
  note         = {Accessed: 2025-06-17},
}

@misc{41,
  author       = {{National Centers for Environmental Information (NCEI)}},
  title        = {Wandering of the Geomagnetic Poles},
  year         = 2022,
  url          = {https://www.ncei.noaa.gov/products/wandering-geomagnetic-poles},
  note         = {Accessed: 2025-02-13}
}